@book{gray19875,
  title={The 5 minute rule for trading memory for disc accesses and the 10 byte rule for trading memory for CPU time},
  author={Gray, Jim and Putzolu, Franco},
  volume={16},
  number={3},
  year={1987},
  publisher={ACM}
}

@article{gray1998five,
  title={The Five-Minute Rule Ten Years Later, and Other Computer Storage Rules of Thumb},
  author={Gray, Jim and Graefe, Goetz},
  journal={arXiv preprint cs/9809005},
  year={1998}
}

@inproceedings{graefe2007five,
  title={The five-minute rule twenty years later, and how flash memory changes the rules},
  author={Graefe, Goetz},
  booktitle={Proceedings of the 3rd international workshop on Data management on new hardware},
  pages={6},
  year={2007},
  organization={ACM}
}
